01REMESSA01COBRANCA       00100000010090004116Bem vestir ltda               174Pefisa         201221        MX0000002                                                                                                                                                                                                                                                                                     000001
1000000000000000000100000010090004116136841                   1742020000000000001100000000002           R1  09000113684129122100000000010000000000001N201221182500000000000002512210000000000000000000000000000000000000000100026843669859FABIO PEREIRA DA SILVA                  RUA HILDA DEL NERO BISQUOLO TESTE                   13208703                                                            000002
9                                                                                                                                                                                                                                                                                                                                                                                                         000003